@ARTICLE{BICEP,
       author = {{Ade}, P.~A.~R. and {Ahmed}, Z. and {Amiri}, M. and others},
        title = "{BICEP/Keck XV: The BICEP3 Cosmic Microwave Background Polarimeter and the First Three-year Data Set}",
      journal = {\apj},
     keywords = {Cosmic microwave background radiation, Polarimeters, Gravitational waves, Cosmic inflation, 322, 1277, 678, 319, Astrophysics - Instrumentation and Methods for Astrophysics, Astrophysics - Cosmology and Nongalactic Astrophysics},
         year = 2022,
        month = mar,
       volume = {927},
       number = {1},
          eid = {77},
        pages = {77},
          doi = {10.3847/1538-4357/ac4886},
archivePrefix = {arXiv},
       eprint = {2110.00482},
 primaryClass = {astro-ph.IM},
       adsurl = {https://ui.adsabs.harvard.edu/abs/2022ApJ...927...77A},
      adsnote = {Provided by the SAO/NASA Astrophysics Data System}
}


@ARTICLE{Tristram22,
       author = {{Tristram}, M. and {Banday}, A.~J. and {G{\'o}rski}, K.~M. and {Keskitalo}, R. and {Lawrence}, C.~R. and {Andersen}, K.~J. and {Barreiro}, R.~B. and {Borrill}, J. and {Colombo}, L.~P.~L. and {Eriksen}, H.~K. and {Fernandez-Cobos}, R. and {Kisner}, T.~S. and {Mart{\'\i}nez-Gonz{\'a}lez}, E. and {Partridge}, B. and {Scott}, D. and {Svalheim}, T.~L. and {Wehus}, I.~K.},
        title = "{Improved limits on the tensor-to-scalar ratio using BICEP and Planck data}",
      journal = {\prd},
     keywords = {Astrophysics - Cosmology and Nongalactic Astrophysics},
         year = 2022,
        month = apr,
       volume = {105},
       number = {8},
          eid = {083524},
        pages = {083524},
          doi = {10.1103/PhysRevD.105.083524},
archivePrefix = {arXiv},
       eprint = {2112.07961},
 primaryClass = {astro-ph.CO},
       adsurl = {https://ui.adsabs.harvard.edu/abs/2022PhRvD.105h3524T},
      adsnote = {Provided by the SAO/NASA Astrophysics Data System}
}



@ARTICLE{AliCPT,
       author = {{Li}, Hong and {Li}, Si-Yu and {Liu}, Yang and {Li}, Yong-Ping and {Zhang}, Xinmin},
        title = "{Tibet's window on primordial gravitational waves}",
      journal = {Nature Astronomy},
     keywords = {Astrophysics - Instrumentation and Methods for Astrophysics, Astrophysics - Cosmology and Nongalactic Astrophysics, General Relativity and Quantum Cosmology, High Energy Physics - Phenomenology, High Energy Physics - Theory},
         year = 2018,
        month = feb,
       volume = {2},
        pages = {104-106},
          doi = {10.1038/s41550-017-0373-0},
archivePrefix = {arXiv},
       eprint = {1802.08455},
 primaryClass = {astro-ph.IM},
       adsurl = {https://ui.adsabs.harvard.edu/abs/2018NatAs...2..104L},
      adsnote = {Provided by the SAO/NASA Astrophysics Data System}
}


@ARTICLE{AliCPT25,
       author = {{Liu}, Yang and {Ming}, Lei and {Drewes}, Marco and {Li}, Hong},
        title = "{AliCPT Sensitivity to Cosmic Reheating}",
      journal = {arXiv e-prints},
     keywords = {Cosmology and Nongalactic Astrophysics, High Energy Physics - Phenomenology},
         year = 2025,
        month = mar,
          eid = {arXiv:2503.21207},
        pages = {arXiv:2503.21207},
          doi = {10.48550/arXiv.2503.21207},
archivePrefix = {arXiv},
       eprint = {2503.21207},
 primaryClass = {astro-ph.CO},
       adsurl = {https://ui.adsabs.harvard.edu/abs/2025arXiv250321207L},
      adsnote = {Provided by the SAO/NASA Astrophysics Data System}
}



@ARTICLE{SO-SAT-improve,
       author = {{Hertig}, Emilie and {Wolz}, Kevin and {Namikawa}, Toshiya and others},
        title = "{The Simons Observatory: Combining cross-spectral foreground cleaning with multitracer B-mode delensing for improved constraints on inflation}",
      journal = {\prd},
     keywords = {Cosmology, Astrophysics - Cosmology and Nongalactic Astrophysics},
         year = 2024,
        month = aug,
       volume = {110},
       number = {4},
          eid = {043532},
        pages = {043532},
          doi = {10.1103/PhysRevD.110.043532},
archivePrefix = {arXiv},
       eprint = {2405.01621},
 primaryClass = {astro-ph.CO},
       adsurl = {https://ui.adsabs.harvard.edu/abs/2024PhRvD.110d3532H},
      adsnote = {Provided by the SAO/NASA Astrophysics Data System}
}

@INPROCEEDINGS{CMB-S4-Intro,
       author = {{Abazajian}, Kevork and {Addison}, Graeme E. and {Adshead}, Peter and others},
        title = "{CMB-S4: Forecasting Constraints on Primordial Gravitational Waves}",
      journal = {\apj},
     keywords = {317, 339, 678, 319, Astrophysics - Cosmology and Nongalactic Astrophysics},
         year = 2022,
        month = feb,
       volume = {926},
       number = {1},
          eid = {54},
        pages = {54},
          doi = {10.3847/1538-4357/ac1596},
archivePrefix = {arXiv},
       eprint = {2008.12619},
 primaryClass = {astro-ph.CO},
       adsurl = {https://ui.adsabs.harvard.edu/abs/2022ApJ...926...54A},
      adsnote = {Provided by the SAO/NASA Astrophysics Data System}
}

@ARTICLE{CMB-S4-SAT,
       author = {{Belkner}, Sebastian and {Carron}, Julien and {Legrand}, Louis and {Umilt{\`a}}, Caterina and {Pryke}, Clem and {Bischoff}, Colin and {CMB-S4 Collaboration}},
        title = "{CMB-S4: Iterative Internal Delensing and r Constraints}",
      journal = {\apj},
     keywords = {Cosmic background radiation, Cosmological parameters, Gravitational waves, Cosmic inflation, 317, 339, 678, 319, Astrophysics - Cosmology and Nongalactic Astrophysics},
         year = 2024,
        month = apr,
       volume = {964},
       number = {2},
          eid = {148},
        pages = {148},
          doi = {10.3847/1538-4357/ad2351},
archivePrefix = {arXiv},
       eprint = {2310.06729},
 primaryClass = {astro-ph.CO},
       adsurl = {https://ui.adsabs.harvard.edu/abs/2024ApJ...964..148B},
      adsnote = {Provided by the SAO/NASA Astrophysics Data System}
}


@ARTICLE{SO-SAT,
       author = {{Wolz}, Kevin and {Azzoni}, Susanna and {Herv{\'\i}as-Caimapo}, Carlos and {Errard}, Josquin and {Krachmalnicoff}, Nicoletta and {Alonso}, David and {Baccigalupi}, Carlo and {Baleato Lizancos}, Ant{\'o}n and {Brown}, Michael L. and {Calabrese}, Erminia and {Chluba}, Jens and {Dunkley}, Jo and {Fabbian}, Giulio and {Galitzki}, Nicholas and {Jost}, Baptiste and {Morshed}, Magdy and {Nati}, Federico},
        title = "{The Simons Observatory: Pipeline comparison and validation for large-scale B-modes}",
      journal = {\aap},
     keywords = {methods: data analysis, methods: statistical, cosmic background radiation, cosmological parameters, early Universe, inflation, Astrophysics - Cosmology and Nongalactic Astrophysics},
         year = 2024,
        month = jun,
       volume = {686},
          eid = {A16},
        pages = {A16},
          doi = {10.1051/0004-6361/202346105},
archivePrefix = {arXiv},
       eprint = {2302.04276},
 primaryClass = {astro-ph.CO},
       adsurl = {https://ui.adsabs.harvard.edu/abs/2024A&A...686A..16W},
      adsnote = {Provided by the SAO/NASA Astrophysics Data System}
}

@article{Planck18Params,
      title={Planck 2018 results-VI. Cosmological parameters},
      author={Aghanim, Nabila and Akrami, Yashar and Ashdown, Mark and others}, 
      journal = {\aap},
     keywords = {cosmic background radiation, cosmological parameters, Astrophysics - Cosmology and Nongalactic Astrophysics},
         year = 2020,
        month = sep,
       volume = {641},
          eid = {A6},
        pages = {A6},
          doi = {10.1051/0004-6361/201833910},
archivePrefix = {arXiv},
       eprint = {1807.06209},
 primaryClass = {astro-ph.CO},
       adsurl = {https://ui.adsabs.harvard.edu/abs/2020A&A...641A...6P},
      adsnote = {Provided by the SAO/NASA Astrophysics Data System}
}



@ARTICLE{NaMaster,
       author = {{Alonso}, David and {Sanchez}, Javier and {Slosar}, An{\v{z}}e and {LSST Dark Energy Science Collaboration}},
        title = "{A unified pseudo-C$_{{\ensuremath{\ell}}}$ framework}",
      journal = {\mnras},
     keywords = {methods: data analysis, methods: numerical, Astrophysics - Cosmology and Nongalactic Astrophysics},
         year = 2019,
        month = apr,
       volume = {484},
       number = {3},
        pages = {4127-4151},
          doi = {10.1093/mnras/stz093},
archivePrefix = {arXiv},
       eprint = {1809.09603},
 primaryClass = {astro-ph.CO},
       adsurl = {https://ui.adsabs.harvard.edu/abs/2019MNRAS.484.4127A},
      adsnote = {Provided by the SAO/NASA Astrophysics Data System}
}


@ARTICLE{PySM,
       author = {{Thorne}, B. and {Dunkley}, J. and {Alonso}, D. and {N{\ae}ss}, S.},
        title = "{The Python Sky Model: software for simulating the Galactic microwave sky}",
      journal = {\mnras},
     keywords = {cosmic background radiation, cosmology: observations, Astrophysics - Cosmology and Nongalactic Astrophysics},
         year = 2017,
        month = aug,
       volume = {469},
       number = {3},
        pages = {2821-2833},
          doi = {10.1093/mnras/stx949},
archivePrefix = {arXiv},
       eprint = {1608.02841},
 primaryClass = {astro-ph.CO},
       adsurl = {https://ui.adsabs.harvard.edu/abs/2017MNRAS.469.2821T},
      adsnote = {Provided by the SAO/NASA Astrophysics Data System}
}


@ARTICLE{Zhang24,
       author = {{Zhang}, Junzhou and {Ghosh}, Shamik and {Dou}, Jiazheng and {Liu}, Yang and {Li}, Siyu and {Chen}, Jiming and {Wang}, Jiaxin and {Zhang}, Zhaoxuan and {Delabrouille}, Jacques and {Remazeilles}, Mathieu and {Feng}, Chang and {Hu}, Bin and {Liu}, Hao and {Santos}, Larissa and {Zhang}, Pengjie and {Zhao}, Wen and {Zhang}, Le and {Huang}, Zhi-Qi and {Li}, Hong and {Zhang}, Xinmin},
        title = "{Forecast of Foreground Cleaning Strategies for AliCPT-1}",
      journal = {\apjs},
     keywords = {Cosmic microwave background radiation, Cosmological parameters, 322, 339, Astrophysics - Cosmology and Nongalactic Astrophysics},
         year = 2024,
        month = oct,
       volume = {274},
       number = {2},
          eid = {26},
        pages = {26},
          doi = {10.3847/1538-4365/ad5c63},
archivePrefix = {arXiv},
       eprint = {2402.01233},
 primaryClass = {astro-ph.CO},
       adsurl = {https://ui.adsabs.harvard.edu/abs/2024ApJS..274...26Z},
      adsnote = {Provided by the SAO/NASA Astrophysics Data System}
}


@ARTICLE{BKmap,
       author = {{BICEP/Keck Collaboration} and {Ade}, P.~A.~R. and {Ahmed}, Z. and {Amiri}, M. and {Barkats}, D. and {Basu Thakur}, R. and others},
        title = "{BICEP/Keck XX: Component-separated maps of polarized CMB and thermal dust emission using Planck and BICEP/Keck Observations through the 2018 Observing Season}",
      journal = {arXiv e-prints},
     keywords = {Cosmology and Nongalactic Astrophysics, Astrophysics of Galaxies},
         year = 2025,
        month = sep,
          eid = {arXiv:2509.21648},
        pages = {arXiv:2509.21648},
          doi = {10.48550/arXiv.2509.21648},
archivePrefix = {arXiv},
       eprint = {2509.21648},
 primaryClass = {astro-ph.CO},
       adsurl = {https://ui.adsabs.harvard.edu/abs/2025arXiv250921648B},
      adsnote = {Provided by the SAO/NASA Astrophysics Data System}
}

@ARTICLE{Grain09,
       author = {{Grain}, J. and {Tristram}, M. and {Stompor}, R.},
        title = "{Polarized CMB power spectrum estimation using the pure pseudo-cross-spectrum approach}",
      journal = {\prd},
     keywords = {98.80.-k, 07.05.Kf, 98.70.Vc, Cosmology, Data analysis: algorithms and implementation, data management, Background radiations, Astrophysics - Cosmology and Extragalactic Astrophysics},
         year = 2009,
        month = jun,
       volume = {79},
       number = {12},
          eid = {123515},
        pages = {123515},
          doi = {10.1103/PhysRevD.79.123515},
archivePrefix = {arXiv},
       eprint = {0903.2350},
 primaryClass = {astro-ph.CO},
       adsurl = {https://ui.adsabs.harvard.edu/abs/2009PhRvD..79l3515G},
      adsnote = {Provided by the SAO/NASA Astrophysics Data System}
}

@ARTICLE{Chluba17,
       author = {{Chluba}, Jens and {Hill}, James Colin and {Abitbol}, Maximilian H.},
        title = "{Rethinking CMB foregrounds: systematic extension of foreground parametrizations}",
      journal = {\mnras},
     keywords = {cosmic background radiation, cosmological parameters, early Universe, cosmology: theory, Astrophysics - Cosmology and Nongalactic Astrophysics},
         year = 2017,
        month = nov,
       volume = {472},
       number = {1},
        pages = {1195-1213},
          doi = {10.1093/mnras/stx1982},
archivePrefix = {arXiv},
       eprint = {1701.00274},
 primaryClass = {astro-ph.CO},
       adsurl = {https://ui.adsabs.harvard.edu/abs/2017MNRAS.472.1195C},
      adsnote = {Provided by the SAO/NASA Astrophysics Data System}
}

